@String{ICSE              = "Proc. of the International Conference\ Software Engineering (ICSE)"}
@String{PLDI							= "Proc. of the Conference\ Programming Language Design and Implementation (PLDI)"}
@String{CCS = "Proc. of the Conference on Computer and Communications Security (CCS)"}
@String{POPL              = "Proc. of the Symposium on Principles of Programming Languages (POPL)"}
@String{SS = "Proc. of the {USENIX} Security Symposium"}
@String{TSE = "IEEE Transactions on Software Engineering (TSE)"}
@String{AppComputing = "Proc. of the Symposium On Applied Computing"}
@String{OSDI = "Proc. of the {USENIX} Symposium on Operating Systems Design and Implementation (OSDI)"}
@String{SympSecPriv = "Proc. of the IEEE Symposium on Security and Privacy"}
@String{SLE = "Proc. of the International Conference on Software Language Engineering (SLE)"}
@String{ApSys="Proc. of the ACM Asia-Pacific Workshop on Systems (APSys)"}
@String{ICPC="Proc. of the International Conference on Program Comprehension (ICPC)"}
@String{WCRE="Proc. of the Working conference on Reverse Engineering (WCRE)"}
@String{MSR="Proc. of the Working conference on Mining Software Repositories (MSR)"}
@String{ONWARD="Proc. of the SIGPLAN Symposium on New Ideas in Programming and Reflections on Software at SPLASH (Onward!)"}
@String{SANER="Proc. of the International Conference on Software Analysis, Evolution and Reengineering (SANER)"}


@inproceedings{BKHT:FSE16,
	author={Christopher Bogart and Christian K{\"a}stner and James Herbsleb and Ferdian Thung},
	location={Seattle, WA},
	url={http://breakingapis.org},
	pdf={pdf/fse16.pdf},
	year={2016},
	publisher={ACM Press},
	booktitle={Proceedings of the ACM SIGSOFT Symposium on the Foundations of Software Engineering (FSE)},
	address={New York, NY},
	title={How to Break an {API: Cost} Negotiation and Community Values in Three Software Ecosystems},
	month={11},
}

@inproceedings{NNP+09,
	Acmid = {1595767},
	Address = {New York, NY, USA},
	Author = {Nguyen, Tung Thanh and Nguyen, Hoan Anh and Pham, Nam H. and Al-Kofahi, Jafar M. and Nguyen, Tien N.},
	Booktitle = {Proceedings of the Joint Meeting of the European Software Engineering Conference and the ACM SIGSOFT Symposium on The Foundations of Software Engineering},
	Doi = {10.1145/1595696.1595767},
	Isbn = {978-1-60558-001-2},
	Keywords = {anomaly, api usage, clone, graph mining, groum, object usage, pattern},
	Location = {Amsterdam, The Netherlands},
	Numpages = {10},
	Pages = {383--392},
	Publisher = {ACM},
	Series = {ESEC/FSE '09},
	Title = {Graph-based Mining of Multiple Object Usage Patterns},
	Url = {http://doi.acm.org/10.1145/1595696.1595767},
	Year = {2009},
	Bdsk-Url-1 = {http://doi.acm.org/10.1145/1595696.1595767},
	Bdsk-Url-2 = {http://dx.doi.org/10.1145/1595696.1595767}}


@inproceedings{Subramanian:2014,
 author = {Subramanian, Siddharth and Inozemtseva, Laura and Holmes, Reid},
 title = {Live {API} Documentation},
 booktitle = ICSE,
 year = {2014},
 isbn = {978-1-4503-2756-5},
 location = {Hyderabad, India},
 pages = {643--652},
 numpages = {10},
 url = {http://doi.acm.org/10.1145/2568225.2568313},
 doi = {10.1145/2568225.2568313},
 acmid = {2568313},
 address = {New York, NY, USA},
 keywords = {Source code examples, documentation, source code search},
} 

@book{DBLP:books/daglib/0020262,
  author    = {Ross J. Anderson},
  title     = {Security engineering},
  year      = {2008},
  publisher = {Wiley},
  isbn      = {978-0-470-06852-6},
  timestamp = {Tue, 18 Nov 2014 11:06:11 +0100},
  biburl    = {http://dblp.uni-trier.de/rec/bib/books/daglib/0020262},
  bibsource = {dblp computer science bibliography, http://dblp.org}
}

@ARTICLE{MaaleejRefDoc, 
author={Maalej, W. and Robillard, M.P.}, 
journal=TSE, 
title={Patterns of Knowledge in {API} Reference Documentation}, 
year={2013}, 
volume={39}, 
number={9}, 
pages={1264-1282}, 
keywords={application program interfaces;learning (artificial intelligence);pattern classification;.NET 4.0 API;API reference documentation;Java SDK 6 API;application program interface;knowledge nature;knowledge organization;knowledge pattern;knowledge taxonomy;reference documentation efficiency;reference documentation quality;Documentation;Encoding;Java;Reliability;Sociology;Software;Taxonomy;.NET;API documentation;Java;content analysis;data mining;empirical study;grounded method;pattern mining;software documentation}, 
doi={10.1109/TSE.2013.12}, 
ISSN={0098-5589},}

@article{RobillardAPIDoc,
year={2014},
issn={1382-3256},
journal={Empirical Software Engineering},
doi={10.1007/s10664-014-9323-y},
title={Recommending reference {API} documentation},
url={http://dx.doi.org/10.1007/s10664-014-9323-y},
publisher={Springer US},
keywords={Application programming interfaces; API documentation; Text classification; Natural language processing; Recommendation systems},
author={Robillard, Martin P. and Chhetri, Yam B.},
pages={1-29},
language={English}
}

@inproceedings{morenoUseMethod,
author= { Laura Moreno and Gabriele Bavota and Massimiliano Di Penta and Rocco Oliveto and Andrian Marcus},
title= {How Can {I} Use This Method?},
booktitle=ICSE, 
year={2015},
notes={to appear}
}

@INPROCEEDINGS{SaeidObserAPIConstr, 
author={Saied, M.A. and Sahraoui, H. and Dufour, B.}, 
booktitle=SANER, 
title={An observational study on {API} usage constraints and their documentation}, 
year={2015}, 
pages={33-42}, 
keywords={application program interfaces;system documentation;API usage constraints;documentation;Documentation;Law;Libraries;Niobium;Null value;Semantics}, 
doi={10.1109/SANER.2015.7081813},}

@inproceedings{SunshineAPIProtocol,
title={Searching the State Space: A Qualitative Study of {API} Protocol Usability},
author={Joshua Sunshine and James Herbsleb and Jonathan Aldrich},
booktitle=ICPC,
year={2015}
}

@ARTICLE{UddinAPIDoc, 
author={Uddin, G. and Robillard, M.P.}, 
journal={IEEE Software}, 
title={How {API} Documentation Fails}, 
year={2015}, 
volume={32}, 
number={4}, 
pages={68-75}, 
keywords={application program interfaces;learning (artificial intelligence);software engineering;system documentation;API documentation unit;crucial resource;formal documentation;learning;Application programming interfaces;Databases;Documentation;Software development;Standards;Uniform resource locators;API;documentation;software development;software engineering;user study}, 
doi={10.1109/MS.2014.80}, 
ISSN={0740-7459},}

@inproceedings{ArztOnward,
	author={Steven Arzt and Sarah Nadi and Karim Ali and Eric Bodden and Sebastian Erdweg and Mira Mezini},
	title={Towards Secure Integration of Cryptographic Software},
	year={2015},
	booktitle=ONWARD,
	note={Accepted to appear. \url{https://www.informatik.tu-darmstadt.de/fileadmin/user_upload/Group_EC-Spride/Publikationen/Onward2015.pdf}}
}

@inproceedings{Ponzanelli:2014,
 author = {Ponzanelli, Luca and Bavota, Gabriele and Di Penta, Massimiliano and Oliveto, Rocco and Lanza, Michele},
 title = {Mining StackOverflow to Turn the {IDE} into a Self-confident Programming Prompter},
 booktitle =MSR,
 year = {2014},
 isbn = {978-1-4503-2863-0},
 location = {Hyderabad, India},
 pages = {102--111},
 numpages = {10},
 url = {http://doi.acm.org/10.1145/2597073.2597077},
 doi = {10.1145/2597073.2597077},
 acmid = {2597077},
 address = {New York, NY, USA},
 keywords = {Developers Support, Empirical Studies, Recommender Systems},
} 

@ARTICLE{TreudeTasks2015, 
author={Treude, C. and Robillard, M.P. and Dagenais, B.}, 
journal=TSE, 
title={Extracting Development Tasks to Navigate Software Documentation}, 
year={2015}, 
volume={41}, 
number={6}, 
pages={565-581}, 
keywords={knowledge management;software engineering;user interfaces;TaskNavigator user interface;documentation structure;information needs;knowledge management;programming action;software developers;software documentation navigation;Data mining;Documentation;Natural language processing;Navigation;Programming;Software;Subscriptions;Auto-Complete;Development Tasks;Natural Language Processing;Navigation;Software Documentation;Software documentation;auto-complete;development tasks;natural language processing;navigation}, 
doi={10.1109/TSE.2014.2387172}, 
ISSN={0098-5589},}

@INPROCEEDINGS{ZibranUsability2011, 
author={Zibran, M.F. and Eishita, F.Z. and Roy, C.K.}, 
booktitle=WCRE, 
title={Useful, But Usable? Factors Affecting the Usability of {API}s}, 
year={2011}, 
pages={151-155}, 
keywords={application program interfaces;program debugging;software cost estimation;software libraries;software reusability;API library;API usability;bug post;bug repository;lower code quality;qualitative analysis;quantitative analysis;reusable components;software development;Complexity theory;Documentation;Libraries;Memory management;Open source software;Production facilities;Usability;API;Application Programming Interface;Usability}, 
doi={10.1109/WCRE.2011.26}, 
ISSN={1095-1350},}

@inproceedings{NKMB16,
	Author = {Sarah Nadi and Stefan Kr\"{u}ger and Mira Mezini and Eric Bodden},
	Booktitle = ICSE,
	Series = {ICSE'16},
	Title = {"{Jumping} Through Hoops": Why do Developers Struggle with Cryptography {APIs}?},
url = {http://doi.acm.org/10.1145/2884781.2884790},
	Year = {2016}}
	
@INPROCEEDINGS{ThungLibRec, 
author={Thung, F. and Lo, D. and Lawall, J.}, 
booktitle=WCRE,
title={Automated library recommendation}, 
year={2013}, 
pages={182-191}, 
keywords={collaborative filtering;data mining;software reliability;association rule mining;automated library recommendation;collaborative filtering;recall rate;software projects;software reliability;third-party libraries;Association rules;Collaboration;Feature extraction;Generators;Itemsets;Libraries}, 
doi={10.1109/WCRE.2013.6671293},}

@inproceedings{Endrikat:2014:APIDoc,
 author = {Endrikat, Stefan and Hanenberg, Stefan and Robbes, Romain and Stefik, Andreas},
 title = {How Do API Documentation and Static Typing Affect {API} Usability?},
 booktitle = ICSE,
 series = {ICSE 2014},
 year = {2014},
 isbn = {978-1-4503-2756-5},
 location = {Hyderabad, India},
 pages = {632--642},
 numpages = {11},
 url = {http://doi.acm.org/10.1145/2568225.2568299},
 doi = {10.1145/2568225.2568299},
 acmid = {2568299},
 address = {New York, NY, USA},
 keywords = {API Usability, Documentation, Static Type Systems}
} 


@INPROCEEDINGS{Roover2013, 
author={De Roover, C. and Lammel, R. and Pek, E.}, 
booktitle=ICPC,
title={Multi-dimensional exploration of {API} usage}, 
year={2013}, 
pages={152-161}, 
doi={10.1109/ICPC.2013.6613843}, 
ISSN={1063-6897},}

@book{creswell2012qualitative,
  title={Qualitative inquiry and research design: Choosing among five approaches},
  author={Creswell, John W},
  year={2012},
  publisher={Sage}
}

@INPROCEEDINGS{HouObstacles, 
author={Daqing Hou and Lin Li}, 
booktitle=ICPC, 
title={Obstacles in Using Frameworks and {API}s: An Exploratory Study of Programmers' Newsgroup Discussions}, 
year={2011}, 
pages={91-100}, 
keywords={application program interfaces;computer science education;API;programmer newsgroup discussions;software frameworks;software productivity;Buildings;Documentation;Electric breakdown;Manuals;Tutorials;Usability;APIs;AWT/Swing;Case Studies;Frameworks;Usability}, 
doi={10.1109/ICPC.2011.21}, 
ISSN={1092-8138},}

@book{CorbinGrounded,
author={Juliet Corbin and Anselm Strauss},
title={Basics of Qualitative Research. Techniques and Procedures for Developing Grounded Theory},
edition={3rd},
year={2008}
}

@inproceedings{Dyer:2013,
 author = {Dyer, Robert and Nguyen, Hoan Anh and Rajan, Hridesh and Nguyen, Tien N.},
 title = {Boa: A Language and Infrastructure for Analyzing Ultra-large-scale Software Repositories},
 booktitle = {Proceedings of the 2013 International Conference on Software Engineering},
 series = {ICSE '13},
 year = {2013},
 isbn = {978-1-4673-3076-3},
 location = {San Francisco, CA, USA},
 pages = {422--431},
 numpages = {10},
 url = {http://dl.acm.org/citation.cfm?id=2486788.2486844},
 acmid = {2486844},
 address = {Piscataway, NJ, USA}
} 

@misc{jca,
title={{Java Cryptography Architecture (JCA)}},
note={\url{http://docs.oracle.com/javase/6/docs/technotes/guides/security/crypto/CryptoSpec.html}}
}

@misc{bouncycastle,
title={{Bouncy Castle}},
note={\url{www.bouncycastle.org}}
}

@inproceedings{GeorgievIJABS12,
  author    = {Martin Georgiev and
               Subodh Iyengar and
               Suman Jana and
               Rishita Anubhai and
               Dan Boneh and
               Vitaly Shmatikov},
  title     = {The most dangerous code in the world: {V}alidating {SSL} certificates
               in non-browser software},
  booktitle = CCS,
  year      = {2012},
  pages     = {38--49},
  url       = {http://doi.acm.org/10.1145/2382196.2382204},
  doi       = {10.1145/2382196.2382204},
  timestamp = {Tue, 18 Nov 2014 14:04:23 +0100},
  biburl    = {http://dblp.uni-trier.de/rec/bib/conf/ccs/GeorgievIJABS12},
  bibsource = {dblp computer science bibliography, http://dblp.org}
}

@article{Adolph11,
 author = {Adolph, Steve and Hall, Wendy and Kruchten, Philippe},
 title = {Using Grounded Theory to Study the Experience of Software Development},
 journal = {Empirical Software Engineering},
 volume = {16},
 number = {4},
 year = {2011},
 publisher = {Kluwer Academic Publishers}
} 

@inproceedings{FahlHMSBF12,
  author    = {Sascha Fahl and
               Marian Harbach and
               Thomas Muders and
               Matthew Smith and
               Lars Baumg{\"{a}}rtner and
               Bernd Freisleben},
  title     = {Why {Eve} and {Mallory} love {Android: A}n analysis of android {SSL} (in)security},
  booktitle = CCS,
  year      = {2012},
  pages     = {50--61},
  url       = {http://doi.acm.org/10.1145/2382196.2382205},
  doi       = {10.1145/2382196.2382205},
  timestamp = {Tue, 18 Nov 2014 14:09:15 +0100},
  biburl    = {http://dblp.uni-trier.de/rec/bib/conf/ccs/FahlHMSBF12},
  bibsource = {dblp computer science bibliography, http://dblp.org}
}

@inproceedings{EgeleBFK13,
  author    = {Manuel Egele and
               David Brumley and
               Yanick Fratantonio and
               Christopher Kruegel},
  title     = {An empirical study of cryptographic misuse in {Android} applications},
  booktitle = CCS,
  year      = {2013},
  pages     = {73--84},
  url       = {http://doi.acm.org/10.1145/2508859.2516693},
  doi       = {10.1145/2508859.2516693},
  timestamp = {Tue, 18 Nov 2014 13:55:21 +0100},
  biburl    = {http://dblp.uni-trier.de/rec/bib/conf/ccs/EgeleBFK13},
  bibsource = {dblp computer science bibliography, http://dblp.org}
}

@inproceedings{DBLP:conf/apsys/LazarCWZ14,
  author    = {David Lazar and
               Haogang Chen and
               Xi Wang and
               Nickolai Zeldovich},
  title     = {Why does cryptographic software fail? {A} case study and open problems},
  booktitle = ApSys,
  year      = {2014},
  pages = {7:1--7:7},
  url       = {http://doi.acm.org/10.1145/2637166.2637237},
  doi       = {10.1145/2637166.2637237},
  timestamp = {Tue, 18 Nov 2014 13:31:15 +0100},
  biburl    = {http://dblp.uni-trier.de/rec/bib/conf/apsys/LazarCWZ14},
  bibsource = {dblp computer science bibliography, http://dblp.org}
}

@article{RobillardAPIObstacles2011,
year={2011},
issn={1382-3256},
journal={Empirical Software Engineering},
volume={16},
number={6},
doi={10.1007/s10664-010-9150-8},
title={A field study of {API} learning obstacles},
url={http://dx.doi.org/10.1007/s10664-010-9150-8},
publisher={Springer US},
keywords={Application programming interfaces; Software libraries; Programming; Documentation},
author={Robillard, Martin P. and DeLine, Robert},
pages={703-732},
language={English}
}

@article{parnin2012crowd,
  title={Crowd documentation: Exploring the coverage and the dynamics of {API} discussions on {Stack Overflow}},
  author={Parnin, Chris and Treude, Christoph and Grammel, Lars and Storey, Margaret-Anne},
  journal={Georgia Institute of Technology, Tech. Rep},
  year={2012}
}

@ARTICLE{RobillardInferenceSurvey, 
author={Robillard, M.P. and Bodden, E. and Kawrykow, D. and Mezini, M. and Ratchford, T.}, 
journal=TSE, 
title={Automated {API} Property Inference Techniques}, 
year={2013}, 
volume={39}, 
number={5}, 
pages={613-637}, 
keywords={application program interfaces;data mining;pattern classification;application programming interfaces;automated API property inference technique;behavioral specifications;empirical results;general information;migration mappings;mining techniques;properties inferred;sequential usage patterns;technique classification;unordered usage patterns;Association rules;Context;Itemsets;Programming;Protocols;Software engineering;API evolution;API property;API usage pattern;data mining;interface;pattern mining;programming rules;protocols;specifications}, 
doi={10.1109/TSE.2012.63}, 
ISSN={0098-5589},}

@ARTICLE{RobillardLearn09, 
author={Robillard, M.P.}, 
journal={IEEE Software}, 
title={What Makes {APIs} Hard to Learn? {Answers} from Developers}, 
year={2009}, 
volume={26}, 
number={6}, 
pages={27-34}, 
doi={10.1109/MS.2009.193}, 
ISSN={0740-7459}}

@article{goodman1961snowball,
  title={Snowball sampling},
  author={Goodman, Leo A},
  journal={The annals of mathematical statistics},
  pages={148--170},
  year={1961},
  publisher={JSTOR}
}

@techreport{kasunic2005designing,
  title={Designing an effective survey},
  author={Kasunic, Mark},
  year={2005},
  institution={Software Engineering Institute, Carnegie Mellon University},
  number ={CMU\/SEI-2005-HB-004}
}

@incollection{KavalerAndroidAPI2013,
year={2013},
isbn={978-3-319-03259-7},
booktitle={Social Informatics},
volume={8238},
series={Lecture Notes in Computer Science},
editor={Jatowt, Adam and Lim, Ee-Peng and Ding, Ying and Miura, Asako and Tezuka, Taro and Dias, Gaël and Tanaka, Katsumi and Flanagin, Andrew and Dai, BingTian},
doi={10.1007/978-3-319-03260-3_35},
title={Using and Asking: APIs Used in the Android Market and Asked about in StackOverflow},
url={http://dx.doi.org/10.1007/978-3-319-03260-3_35},
publisher={Springer International Publishing},
author={Kavaler, David and Posnett, Daryl and Gibler, Clint and Chen, Hao and Devanbu, Premkumar and Filkov, Vladimir},
pages={405-418},
language={English}
}

@inproceedings{WangMSR15,
title = {Recommending Posts Concerning {API} Issues
in Developer {Q\&A} Sites},
author={Wei Wang and Haroon Malik and Mike Godfrey},
booktitle=MSR,
year = {2015}
}

@INPROCEEDINGS{WangMSRChall2013, 
author={Wei Wang and Godfrey, M.W.}, 
booktitle={Mining Software Repositories (MSR), 2013 10th IEEE Working Conference on}, 
title={Detecting API usage obstacles: A study of iOS and Android developer questions}, 
year={2013},  
pages={61-64}, 
doi={10.1109/MSR.2013.6624006}, 
ISSN={2160-1852},}